<record><leader>00000cas a22000007a 4500</leader><controlfield tag="001">17237262</controlfield><controlfield tag="008">871214d19001905ohudr ne      0    0eng d</controlfield><datafield ind1=" " ind2=" " tag="010"><subfield code="a">sn 87076919 </subfield></datafield><datafield ind1=" " ind2=" " tag="040"><subfield code="a">ONP</subfield><subfield code="b">eng</subfield><subfield code="c">ONP</subfield><subfield code="d">OCLCQ</subfield></datafield><datafield ind1=" " ind2=" " tag="042"><subfield code="a">msc</subfield></datafield><datafield ind1="0" ind2=" " tag="130"><subfield code="a">Press-republic (Springfield, Ohio)</subfield></datafield><datafield ind1="1" ind2="4" tag="245"><subfield code="a">The Press-republic.</subfield></datafield><datafield ind1=" " ind2=" " tag="260"><subfield code="a">Springfield, Ohio :</subfield><subfield code="b">Springfield Pub. Co.,</subfield><subfield code="c">1900-1905.</subfield></datafield><datafield ind1=" " ind2=" " tag="300"><subfield code="a">v.</subfield></datafield><datafield ind1=" " ind2=" " tag="310"><subfield code="a">Daily</subfield></datafield><datafield ind1="0" ind2=" " tag="362"><subfield code="a">Vol. 47, no. 216 (Sept. 8, 1900)-v. 52, no. 115 (June 1, 1905).</subfield></datafield><datafield ind1=" " ind2="4" tag="651"><subfield code="a">Springfield (Ohio)</subfield><subfield code="v">Newspapers.</subfield></datafield><datafield ind1=" " ind2="4" tag="651"><subfield code="a">Clark County (Ohio)</subfield><subfield code="v">Newspapers.</subfield></datafield><datafield ind1=" " ind2=" " tag="752"><subfield code="a">United States</subfield><subfield code="b">Ohio</subfield><subfield code="c">Clark</subfield><subfield code="d">Springfield.</subfield></datafield><datafield ind1="0" ind2=" " tag="775"><subfield code="t">Springfield weekly republic (Springfield, Ohio : 1887)</subfield><subfield code="w">(DLC)sn 87076910</subfield></datafield><datafield ind1="0" ind2="4" tag="780"><subfield code="t">Daily press (Springfield, Ohio)</subfield><subfield code="w">(DLC)sn 90068143</subfield></datafield><datafield ind1="0" ind2="4" tag="780"><subfield code="t">Springfield republic-times</subfield><subfield code="w">(DLC)sn 87076918</subfield></datafield><datafield ind1="0" ind2="7" tag="785"><subfield code="t">Springfield daily Democrat</subfield><subfield code="w">(DLC)sn 87076883</subfield></datafield><datafield ind1="0" ind2="7" tag="785"><subfield code="t">Springfield daily news and press-republic</subfield><subfield code="w">(DLC)sn 87076920</subfield></datafield><datafield ind1="1" ind2=" " tag="029"><subfield code="a">AU@</subfield><subfield code="b">000025802819</subfield></datafield></record>